-*- coding: utf-8-unix; mode: bibtex; bibtex-dialect: biblatex; fill-column: 70 -*-

@techreport{kwon1981prediction,
  title={Prediction of the Incompressible Flow over a
    Rearward-Facing Step},
  author={Kwon, O. Key and Pletcher, Richard H.},
  year={1981},
  institution={Iowa State University},
  address={Ames, IA},
  number={HTL-26, CFD-4},
}

@inproceedings{lee1982structure,
  title={Structure of Multi-Cellular Natural Convection in a
    Tall Vertical Annulus},
  author={Lee, Yee and Korpela, Seppo Antero and Horne, Roland N.},
  year={1982},
  booktitle={Proceedings of the 7th International Heat Transfer
    Conference},
  volume={2},
  pages={221--226},
  editor={Grigull, Ulrich and Hahne, Erich and Stephan, Karl and
    Straub, J.},
  publisher={Hemisphere Publishing Corp.},
  address={Washington, DC},
}

@article{sparrow1980fluid,
  title={Fluid-to-Fluid Conjugate Heat Transfer for a
    Vertical Pipe-Internal Forced Convection and External
    Natural Convection},
  author={Sparrow, Ephraim M.},
  year={1980},
  journal={Journal of Heat Transfer},
  volume={102},
  number={3},
  pages={402--407},
  publisher={American Society of Mechanical Engineers (ASME)},
}

@article{sparrow1980forced,
  title={Forced-Convection Heat Transfer in a Duct Having
    Spanwise-Periodic Rectangular Protuberances},
  author={Sparrow, Ephraim M.},
  year={1980},
  journal={Numerical Heat Transfer},
  volume={3},
  number={2},
  pages={149--167},
  publisher={Taylor \& Francis},
}

@phdthesis{tung1982evaporative,
  title={Evaporative Heat Transfer in the Contact Line of a
    Mixture},
  author={Tung, C. Y.},
  year={1982},
  school={Rensselaer Polytechnic Institute},
  address={Troy, NY},
}

For testing:
  url={https://www.test.url/with/very/long/stuff/here.html},
  doi={10011/test.DOI.770707124.ab.3243.1234.2324.5675},