-*- coding: utf-8-unix; mode: bibtex; fill-column: 70 -*-

@techreport{kwon1981prediction,
  title={{P}rediction of the {I}ncompressible {F}low over a
    {R}earward-{F}acing {S}tep},
  author={Kwon, O. Key and Pletcher, Richard H.},
  year={1981},
  institution={Iowa State University},
  address={Ames, IA},
  number={HTL-26, CFD-4},
}

@inproceedings{lee1982structure,
  title={{S}tructure of {M}ulti-{C}ellular {N}atural {C}onvection in a
    {T}all {V}ertical {A}nnulus},
  author={Lee, Yee and Korpela, Seppo Antero and Horne, Roland N.},
  year={1982},
  booktitle={Proceedings of the 7th International Heat Transfer
    Conference},
  volume={2},
  pages={221--226},
  editor={Grigull, Ulrich and Hahne, Erich and Stephan, Karl and
    Straub, J.},
  publisher={Hemisphere Publishing Corp.},
  address={Washington, DC},
}

@article{sparrow1980fluid,
  title={{F}luid-to-{F}luid {C}onjugate {H}eat {T}ransfer for a
    {V}ertical {P}ipe-{I}nternal {F}orced {C}onvection and {E}xternal
    {N}atural {C}onvection},
  author={Sparrow, Ephraim M.},
  year={1980},
  journal={Journal of Heat Transfer},
  volume={102},
  number={3},
  pages={402--407},
  publisher={American Society of Mechanical Engineers (ASME)},
}

@article{sparrow1980forced,
  title={{F}orced-{C}onvection {H}eat {T}ransfer in a {D}uct {H}aving
    {S}panwise-{P}eriodic {R}ectangular {P}rotuberances},
  author={Sparrow, Ephraim M.},
  year={1980},
  journal={Numerical Heat Transfer},
  volume={3},
  number={2},
  pages={149--167},
  publisher={Taylor \& Francis},
}

@phdthesis{tung1982evaporative,
  title={{E}vaporative {H}eat {T}ransfer in the {C}ontact {L}ine of a
    {M}ixture},
  author={Tung, C. Y.},
  year={1982},
  school={Rensselaer Polytechnic Institute},
  address={Troy, NY},
}

For testing:
  url={https://www.test.url/with/very/long/stuff/here.html},
  doi={10011/test.DOI.770707124.ab.3243.1234.2324.5675},